@Article{bechhofer2013linkedDataNotEnough,
  author = 	 {Bechhofer, Sean and Buchan, Iain and De Roure, David and Missier, Paolo and Ainsworth, John and Bhagat, Jiten and Couch, Philip and Cruickshank, Don and Delderfield, Mark and Dunlop, Ian and Gamble, Matthew and Michaelides, Danius and Owen, Stuart and Newman, David and Sufi, Shoaib and Goble, Carole},
  title = 	 {Why linked data is not enough for scientists},
  journal = 	 {Future Generation Computer Systems},
  year = 	 {2013},
  OPTkey = 	 {},
  volume = 	 {29},
  number = 	 {2},
  pages = 	 {599--611},
  OPTmonth = 	 {},
  OPTnote = 	 {},
  OPTannote = 	 {},
  keyword =      {linkedData, semanticWeb, researchObject, cloud, reproducibility}
}

@Article{cannata05bioinformaticsResourceome,
  author = 	 {Cannata, Nicola and Merelli, Emanuela and Altman, Russ B.},
  title = 	 {Time to Organize the Bioinformatics Resourceome},
  journal = 	 {PLoS Computational Biology},
  year = 	 {2005},
  OPTkey = 	 {},
  volume = 	 {1},
  number = 	 {7},
  pages = 	 {0531--0533},
  OPTmonth = 	 {},
  OPTnote = 	 {},
  OPTannote = 	 {},
  seealso =      {soldatova05currentOntologies, marshall06integrateMeasurementData},
  PMID =         {16738704},
  keyword =      {bioinformatics, ontology, discovery, interoperability, omics}
}



@Article{pesquita09semanticSimilarityBiomedicalOntologies,
  author =       {Pesquita, Catia and Faria, Daniel and Falc\~ao, Andr\'e O and Lord, Phillip and Couto, Francisco M},
  title =        {Semantic similarity in biomedical ontologies},
  journal =      {PLoS computational biology},
  year =         {2009},
  OPTkey =       {},
  volume =       {5},
  number =       {7},
  pages =        {e1000443},
  OPTmonth =     {},
  OPTnote =      {},
  OPTannote =    {},
  seeAlso =   {lee08comparisonSemanticSimilarities},
  PMID =         {19649320},
  keyword =      {semanticSimilarity}
}


